<collection xmlns="http://www.loc.gov/MARC21/slim">
<record>
  <leader>00939nam0a22002291i 450 </leader>
  <controlfield tag="001">IT\ICCU\CNCE\063363</controlfield>
  <controlfield tag="005">20071221000000.0</controlfield>
  <datafield tag="012" ind1=" " ind2=" ">
    <subfield code="a">tii, tie. i,se e.e, (C) 1586 (Q)</subfield>
    <subfield code="2">fei</subfield>
  </datafield>
  <datafield tag="100" ind1=" " ind2=" ">
    <subfield code="a">20051228f1586        0itac0103    ba</subfield>
  </datafield>
  <datafield tag="101" ind1=" " ind2=" ">
    <subfield code="a">ITA</subfield>
  </datafield>
  <datafield tag="102" ind1=" " ind2=" ">
    <subfield code="a">IT</subfield>
  </datafield>
  <datafield tag="200" ind1="1" ind2=" ">
    <subfield code="a">Catena spirituale nella quale si contiene tutto il viuere christiano</subfield>
  </datafield>
  <datafield tag="210" ind1=" " ind2=" ">
    <subfield code="a">In Perugia</subfield>
    <subfield code="c">appresso Pietropaolo Orlando</subfield>
    <subfield code="d">\non prima del 1586!</subfield>
  </datafield>
  <datafield tag="215" ind1=" " ind2=" ">
    <subfield code="a">\4! c.</subfield>
    <subfield code="d">8ʻ</subfield>
  </datafield>
  <datafield tag="300" ind1=" " ind2=" ">
    <subfield code="a">La data si ricava dall&apos;attivit ̉del tipografo</subfield>
  </datafield>
  <datafield tag="620" ind1=" " ind2=" ">
    <subfield code="a">IT</subfield>
    <subfield code="d">Perugia</subfield>
  </datafield>
  <datafield tag="712" ind1="0" ind2="0">
    <subfield code="a">Orlando, Pietro Paolo</subfield>
    <subfield code="3">IT\ICCU\CNCT\000812</subfield>
    <subfield code="4">650</subfield>
  </datafield>
  <datafield tag="791" ind1="0" ind2="0">
    <subfield code="a">Orlandi, Pietro Paolo</subfield>
    <subfield code="3">IT\ICCU\CNCT\002449</subfield>
    <subfield code="z">Orlando, Pietro Paolo</subfield>
  </datafield>
  <datafield tag="791" ind1="0" ind2="0">
    <subfield code="a">Orlandus, Petruspaulus</subfield>
    <subfield code="3">IT\ICCU\CNCT\005162</subfield>
    <subfield code="z">Orlando, Pietro Paolo</subfield>
  </datafield>
  <datafield tag="791" ind1="0" ind2="0">
    <subfield code="a">Orlandius, Petrus Paulus</subfield>
    <subfield code="3">IT\ICCU\CNCT\005163</subfield>
    <subfield code="z">Orlando, Pietro Paolo</subfield>
  </datafield>
  <datafield tag="801" ind1=" " ind2="3">
    <subfield code="a">IT</subfield>
    <subfield code="b">ICCU</subfield>
    <subfield code="c">20201115</subfield>
  </datafield>
  <datafield tag="899" ind1=" " ind2=" ">
    <subfield code="a">Biblioteca universitaria Alessandrina. Roma</subfield>
    <subfield code="1">RM0280</subfield>
    <subfield code="2">RML 01</subfield>
  </datafield>
</record>
</collection>
